@article{canos2012metodologias,
  title={Metodolog{\'\i}as {\'a}giles en el desarrollo de software},
  author={Can{\'o}s, Jos{\'e} H and Letelier, M{\textordfeminine} Carmen Penad{\'e}s Patricio},
  year={2012}
}
@article{canos2012metodologias,
  title={Metodolog{\'\i}as {\'a}giles en el desarrollo de software},
  author={Can{\'o}s, Jos{\'e} H and Letelier, M{\textordfeminine} Carmen Penad{\'e}s Patricio},
  year={2012}
}

@misc{decreto,
author={Ministerio de Justicia y Derechos Humanos},
title={CODIGO ELECTORAL NACIONAL: Decreto N° 2135},
note = {Accedido 24-12-2020},
howpublished = "\url{http://servicios.infoleg.gob.ar/infolegInternet/anexos/15000-19999/19442/texact.htm}"
}

@article{mcdaniel2007everest,
  title={EVEREST: Evaluation and validation of election-related equipment, standards and testing},
  author={McDaniel, Patrick and Blaze, M and Vigna, G and others},
  journal={Ohio Secretary of State’s EVEREST Project Report},
  year={2007}
}

@inproceedings{netherlands,
  title={E-voting in the Netherlands; from general acceptance to general doubt in two years},
  author={Loeber, Leontine},
  booktitle={Electronic Voting 2008 (EVOTE08). 3rd International Conference on Electronic Voting 2008, Co-organized by Council of Europe, Gesellschaft f{\"u}r Informatik and EVoting. CC},
  year={2008},
  organization={Gesellschaft f{\"u}r Informatik e. V.}
}

@incollection{schwaber1997scrum,
  title={Scrum development process},
  author={Schwaber, Ken},
  booktitle={Business object design and implementation},
  pages={117--134},
  year={1997},
  publisher={Springer}
}

@misc{leySaenzPenia,
title = "{Ley Nº 8871 de Elecciones Nacionales}",
author={HONORABLE CONGRESO DE LA NACION ARGENTINA},
year={1912},
note = {Accedido 03-08-2019},
howpublished = "{https://www.argentina.gob.ar/normativa/nacional/ley-8871-310143/texto}"
}

@book{historia,
  title={Historia electoral Argentina, 1912-2007},
  author={Pugliese, Alicia},
  year={2008},
  publisher={Ministerio del Interior, Subsecretaria de Asuntos Pol{\'\i}ticos y Electorales}
}

@article{chaparro2006lamp,
  title={LAMP: Linux, Apache, MySQL y php/perl},
  author={Chaparro, Diego},
  journal={Obtenido de http://viejo. dchaparro. net/doc/lamp. pdf},
  year={2006}
}

@misc{eleccionesNeuquen,
title = "{El voto electrónico le costará a Neuquén un 54\% más de lo previsto}",
author={Redacción Rio Negro},
year={2018},
note = {Accedido 07-11-2019},
howpublished = "{https://www.rionegro.com.ar/el-voto-electronico-le-costara-a-neuquen-un-54-mas-de-lo-previsto-DA5662500/}"
}

@misc{eleccionesEEUU,
title = "{Cyber attacks and electronic voting errors threaten 2020 outcome, experts warn}",
author={Peter Stone},
year={2020},
note = {Accedido 14-04-2020},
howpublished = "{https://www.theguardian.com/us-news/2020/jan/02/elections-2020-cyber-attacks-democrats-experts#maincontent}"
}

@misc{eleccionesIrlanda,
title = "{Irish people are split over whether we should have another go at e-voting}",
author={Rónán Duffy},
year={2019},
note = {Accedido 14-04-2020},
howpublished = "{https://www.thejournal.ie/e-voting-machines-ireland-4663406-Jun2019/}"
}

@misc{eleccionesVenezuela,
title = "{Tecnología Electoral en Venezuela}",
author={CNE Consejo Nacional Electoral},
note = {Accedido 31-10-2019},
howpublished = "{http://www4.cne.gob.ve/web/sistema_electoral/tecnologia_electoral_historia.php}"
}

@misc{limiteColectoras,
title = "{Multiplicación de colectoras, un problema para la boleta electrónica}",
author={Andrea Durán},
note = {Accedido 03-02-2020},
howpublished = "{https://www.rionegro.com.ar/multiplicacion-de-colectoras-un-problema-para-la-boleta-electronica-1051042/}"
}

@article{eleccionesGeorgia,
  title={The reliability of electronic voting machines in Georgia},
  author={Stewart III, Charles H},
  year={2004},
  publisher={Caltech/MIT Voting Technology Project}
}

@misc{eleccionesHolanda,
title = "{El programa de televisión holandés que terminó con el voto electrónico en el país}",
author={Política Argentina},
note = {Accedido 06-11-2019},
howpublished = "{https://www.politicargentina.com/notas/201608/16117-el-programa-de-television-holandes-que-termino-con-el-voto-electronico-en-el-pais.html}"
}

@misc{eleccionesLasGrutas,
title = "{Problemas con el voto electrónico en Río Negro}",
author={Canal AR},
note = {Accedido 27-04-2020},
howpublished = "{https://www.canal-ar.com.ar/5248-Problemas-con-el-voto-electronico-en-Rio-Negro.html}"
}

@misc{eleccionesNeuquenBUE,
title = "{Neuquén se prepara para abrir el año Electoral y elegir gobernador}",
author={TN Notificas},
note = {Accedido 27-03-2019},
howpublished = "{https://tn.com.ar/opinion/neuquen-se-prepara-para-abrir-el-ano-electoral-y-elegir-gobernador\_944836}"
}

@misc{boletaUnicaTamanio,
title = "{Boleta única tendrá al menos 40 cm de alto}",
author={La Voz},
note = {Accedido 08-06-2019},
howpublished = "{https://www.lavoz.com.ar/noticias/politica/boleta-unica-tendra-al-menos-40-cm-alto}"
}

@article{arlettaz2012libertad,
  title={Libertad religiosa y objeci{\'o}n de conciencia en el derecho constitucional argentino},
  author={Arlettaz, Fernando},
  journal={Estudios constitucionales},
  volume={10},
  number={1},
  pages={339--372},
  year={2012},
  publisher={Universidad de Talca. Centro de Estudios Constitucionales}
}

@misc{errorOmarGutierrez,
title = "{Elecciones en Neuquén: Omar Gutiérrez tuvo problemas con la boleta única electrónica}",
author={ámbito.com},
note = {Accedido 06/05/2020},
howpublished = "{https://www.ambito.com/politica/neuquen/elecciones-neuquen-omar-gutierrez-tuvo-problemas-la-boleta-unica-electronica-n5055892}"
}



@misc{errorNeuquen,
title = "{Denuncias de irregularidades en Neuquén}",
author={Sebastian Abrevaya},
note = {Accedido 06/05/2020},
howpublished = "{https://www.pagina12.com.ar/179993-denuncias-de-irregularidades-en-neuquen}"
}

@misc{toba,
title = "{Toba}",
note = {Accedido 02/10/2020},
howpublished = "{http://toba.siu.edu.ar/}"
}

@misc{ordenanzaUncoma,
title = "{Ordenanza Nº1386/13}",
author={Universidad Nacional del Comahue},
note = {Accedido 21/09/2020},
howpublished = "{https://www.uncoma.edu.ar/wp-content/uploads/Uncoma/ConsejoSuperior/Ordenanzas/1386-13.pdf}"
}

@misc{euclides,
title = "{Quiénes Somos}",
author={Universidad Nacional del Comahue},
note = {Accedido 29/09/2020},
howpublished = "{http://euclides.uncoma.edu.ar/?q=somos}"
}

@misc{lvcordoba,
title = "{Así es la boleta única de la ciudad de Córdoba}",
author={La Voz},
year={2019},
note = {Accedido 25-08-2019},
howpublished = "{https://www.lavoz.com.ar/interactivo/asi-es-boleta-unica-de-ciudad-de-cordoba}"
}

@misc{lmncolectoras,
title = "{Confirmado: a las elecciones de Plottier habrá que ir a votar con lupa}",
author={La Mañana de Neuquén},
year={2019},
note = {Accedido 25-08-2019},
howpublished = "{https://www.lmneuquen.com/confirmado-las-elecciones-plottier-habra-que-ir-votar-lupa-n644737}"
}

@misc{rnEscrutinioProvisorio,
title = "{Escrutinio provisorio: ¿qué es y qué pasa con el nuevo software?}",
author={Diario Rio Negro},
year={2019},
note = {Accedido 25-08-2019},
howpublished = "{https://www.rionegro.com.ar/escrutinio-provisorio-que-es-y-que-pasa-con-el-nuevo-software-1063494/?fbclid=IwAR0fWfiYWlF7EErph4vNp1cgNbwUFnB7udpnz2L9hFqKw1j6SwdPcuSiOd8}"
}

@misc{definicionVulnerabilidad,
title = "{Amenaza vs Vulnerabilidad, ¿sabes en qué se diferencian?}",
author={INCIBE},
note = {Accedido 27-07-2020},
howpublished = "{https://www.incibe.es/protege-tu-empresa/blog/amenaza-vs-vulnerabilidad-sabes-se-diferencian#:~:text=Una\%20vulnerabilidad\%20(en\%20t\%C3\%A9rminos\%20de,necesario\%20encontrarlas\%20y\%20eliminarlas\%20lo}"
}

@article{cortiboleta,
  title={BOLETA {\'U}NICA DE SUFRAGIO: SU IMPLEMENTACI{\'O}N EN C{\'O}RDOBA},
  author={Corti, Jos{\'e} M P{\'e}rez}
}

@misc{definicionUsuarioInterfaz,
title = "{Especificación de interfaz de usuario: De los requisitos a la generación automática}",
author={Pedro Juan Molina Moreno},
note = {Accedido 29-07-2020},
year={2003},
howpublished = "{http://pjmolina.com/papers/TesisPjmolina.pdf}"
}

@misc{seguridadSmartmatic,
title = "{Vulnerabilidades en el sistema de escrutinio provisorio}",
author={Iván Arce, Enrique Chaparro, Javier Smaldone},
year={2019},
note = {Accedido 25-08-2019},
howpublished = "{https://blog.smaldone.com.ar/2019/08/03/vulnerabilidades-en-el-sistema-de-escrutinio-provisorio/?fbclid=IwAR245EIwSerqzwOBNwtm3eVy0E8NCKbNbIQHtf-LvBL0QB0Ee9bP_rrUrbw}"
}

@misc{auditabilidadSmartmatic,
title = "{Escrutinio: el Gobierno no entregó el software y admitió que no tiene acceso}",
author={Política Argentina},
year={2019},
note = {Accedido 25-08-2019},
howpublished = "{https://www.politicargentina.com/notas/201908/30060-escrutinio-el-gobierno-no-entrego-el-software-y-admitio-que-no-tiene-acceso.html}"
}

@misc{anbariloche,
title = "{Elecciones municipales: ¿Cómo se vota con la boleta única?}",
author={ANBariloche},
year={2019},
note = {Accedido 25-08-2019},
howpublished = "{https://www.anbariloche.com.ar/noticias/2019/08/24/70978-elecciones-municipales-como-se-vota-con-la-boleta-unica}"
}

@misc{rnbariloche,
title = "{El sorteo de la boleta le pone condimento a la campaña en Bariloche}",
author={Diario Rio Negro},
year={2019},
note = {Accedido 25-08-2019},
howpublished = "{https://www.rionegro.com.ar/el-sorteo-de-la-boleta-le-pone-condimento-a-la-campana-en-bariloche-1051699/}"
}

@misc{problemasReportados,
title = "{Voting System Reports Colleccion}",
author={U.S.Election Assistance Commission},
howpublished = "{: https://www.eac.gov/voting-equipment/voting-system-reports-collection/}"
}

@inproceedings{MiguelMontes,
  title={Consideraciones sobre el voto electr{\'o}nico},
  author={Montes, Miguel and Penazzi, Daniel and Wolovick, Nicol{\'a}s},
  booktitle={X Simposio de Inform{\'a}tica en el Estado (SIE 2016)-JAIIO 45 (Tres de Febrero, 2016)},
  year={2016}
}

@article{libroVoto,
  title={Voto electr{\'o}nico. Una soluci{\'o}n en busca de problemas},
  author={Busaniche, Beatriz and Heinz, F and Aguerre, T and D’Ippolito, N and Smaldone, J and Ferreira Rubio, D},
  journal={Tren en Movimiento, Buenos Aires},
  year={2017}
}

@article{pan1999software,
  title={Software testing},
  author={Pan, Jiantao},
  journal={Dependable Embedded Systems},
  volume={5},
  pages={2006},
  year={1999}
}

@misc{poderJudicial,
  title={Requisitos y condiciones mínimas para la realización del Escrutinio Provisorio},
  author={Poder Judicial de la Nación}, year= "Enero 2017",
  howpublished="\url{https://www.pjn.gov.ar/cne/documentos/2017\%20AE\%20003-17\%20(ESCRUTINIO\%20PROVISORIO).pdf}"
}

@article{glez2014web,
  title={Web scraping technologies in an API world},
  author={Glez-Pe{\~n}a, Daniel and Louren{\c{c}}o, An{\'a}lia and L{\'o}pez-Fern{\'a}ndez, Hugo and Reboiro-Jato, Miguel and Fdez-Riverola, Florentino},
  journal={Briefings in bioinformatics},
  volume={15},
  number={5},
  pages={788--797},
  year={2014},
  publisher={Oxford University Press}
}

@article{brunazo2005voto,
  title={El voto electr{\'o}nico en Brasil},
  author={Brunazo, Alm{\'\i}car and Tula, MI},
  journal={Voto Electrónico - Las nuevas tecnologías en los procesos electorales},
  year={2005},
  publisher={CIPPEC Buenos Aires}
}

@incollection{volkamer2010electronic,
  title={Electronic voting in Germany},
  author={Volkamer, Melanie},
  booktitle={Data protection in a Profiled World},
  pages={177--189},
  year={2010},
  publisher={Springer}
}

@article{vassil2016diffusion,
  title={The diffusion of internet voting. Usage patterns of internet voting in Estonia between 2005 and 2015},
  author={Vassil, Kristjan and Solvak, Mihkel and Vinkel, Priit and Trechsel, Alexander H and Alvarez, R Michael},
  journal={Government Information Quarterly},
  volume={33},
  number={3},
  pages={453--459},
  year={2016},
  publisher={Elsevier}
}

@misc{conicet,
author = {Consejo Nacional de Investigaciones Científicas y Técnicas},
title = {Análisis de factibilidad en la implementación de tecnología en diferentes aspectos y etapas del proceso electoral},
note = {Accedido 14-03-2019},
howpublished = "\url{https://www.conicet.gov.ar/wp-content/uploads/Analisis\_factibilidad\_implementacion\_tecnologia\_proceso \_electoral.pdf}"
}
@misc{ejemplo,
author = {Ari Lijalad},
title = {El voto hackeado: expediente muestra iregularidades en el voto electrónico en Capital Federal},
year = {2019},
howpublished = "\url{https://www.politicargentina.com/notas/201608/16044-voto-caba-2015.html}",
note = {Accedido 14-03-2019}
}

@misc{suiza,
author = {Norman Gutiérrez},
title = "{Inaceptable: encuentran vulnerabilidad crítica en sistema de voto electrónico en Suiza}",
year = {2019},
howpublished = "\url{https://www.fayerwayer.com/2019/03/voto-electronico-suiza-vulnerabilidad/}",
note = {Accedido 14-03-2019}
}

@misc{siutoba,
title = "{SIU Toba. Ambiente de Desarrollo Web}",
howpublished = "{https://www.siu.edu.ar/siu-toba/}"
}

@misc{votoBsAs,
title = "{El sistema de voto electrónico de la Ciudad de Buenos Aires: Una “solución” en busca de problemas}",
author={Enrique A. Chaparro},
note = {Accedido 24-03-2019},
howpublished = "{https://www.vialibre.org.ar/wp-content/uploads/2015/06/VE.CdBuenosAires.Parte1\_.pdf}"
}


@article{vora,
  title="{An information-theoretic model of voting systems}",
  author={Hosp, Ben and Vora, Poorvi L},
  journal={Mathematical and Computer Modelling},
  volume={48},
  number={9-10},
  pages={1628--1645},
  year={2008},
  publisher={Elsevier}
}

@article{holanda,
title = "{ Electronic  Voting  in  the  Netherlands:  from  earlyAdoption to early Abolishment. En Foundations of security analysis and design V}",
pages={121-144},
author={Jacobs  B.  Pieters  W.},
year={2009}
}

@misc{judicial,
title = "{La Cámara
Nacional Electoral fijó pautas para la asignación de fondos públicos para la impresión de
boletas.}",
author={Agencia de Noticias del Poder Judicial. Centro de Poder Judicial Nacional},
year={2017},
note = {Accedido 24-03-2019},
howpublished = "{http://www.cij.gov.ar/nota-26851-La-C-mara-Nacional-Electoral-fij--pautas-para-la-asignaci-n-de-fondos-p-blicos-para-la-impresi-n-de-boletas.html}"
}
